@article{jaglinski2011resonant,
  title={Resonant ultrasound spectroscopy of cylinders over the full range of Poisson's ratio},
  author={Jaglinski, Tim and Lakes, Roderic S},
  journal={Review of Scientific Instruments},
  volume={82},
  number={3},
  pages={035105},
  year={2011},
  publisher={AIP Publishing}
}

@article{jaglinski2011use,
  title={On the use of hollow tube geometries for resonant ultrasound spectroscopy},
  author={Jaglinski, Tim and Wang, Yun-Che},
  journal={The Journal of the Acoustical Society of America},
  volume={129},
  number={4},
  pages={1890--1898},
  year={2011},
  publisher={Acoustical Society of America}
}

@article{li2008acoustic,
  title={Acoustic modes of finite length homogeneous and layered cylindrical shells: Single and multiwall carbon nanotubes},
  author={Li, Guangyan and Lamberton Jr, GA and Gladden, JR},
  journal={Journal of Applied Physics},
  volume={104},
  number={3},
  pages={033524},
  year={2008},
  publisher={AIP Publishing}
}

@article{joyoreactor,
  title={Change in physical properties of high density isotropic graphites irradiated in the “JOYO” fast reactor},
  author={Maruyama, T and Kaito, T and Onose, S and Shibahara, I},
  journal={Journal of nuclear materials},
  volume={225},
  pages={267--272},
  year={1995},
  publisher={Elsevier}
}

@book{rusbook,
  title={Resonant ultrasound spectroscopy: applications to physics, materials measurements, and nondestructive evaluation},
  author={Migliori, Albert and Sarrao, John L},
  year={1997},
  publisher={Wiley-Interscience}
}

@book{goldstein1980classical,
  title={Classical mechanics},
  author={Goldstein, Herbert},
  year={1980},
  publisher={Addison-Wesley}
}

@book{auld1973acoustic,
  title={Acoustic fields and waves in solids},
  author={Auld, Bertram Alexander},
  year={1973},
  volume={1},
  publisher={John Wiley and Sons}
}

@article{demarest1971cube,
  title={Cube-Resonance Method to Determine the Elastic Constants of Solids},
  author={Demarest Jr, Harold H},
  journal={The Journal of the Acoustical Society of America},
  volume={49},
  number={3B},
  pages={768--775},
  year={1971},
  publisher={Acoustical Society of America}
}

@article{ohno1976free,
  title={Free vibration of a rectangular parallelepiped crystal and its application to determination of elastic constants of orthorhombic crystals.},
  author={Ohno, Ichiro},
  journal={Journal of Physics of the Earth},
  volume={24},
  number={4},
  pages={355--379},
  year={1976}
}

@article{migliori1993resonant,
  title={Resonant ultrasound spectroscopic techniques for measurement of the elastic moduli of solids},
  author={Migliori, A\_ and Sarrao, JL and Visscher, William M and Bell, TM and Lei, Ming and Fisk, Z and Leisure, RG},
  journal={Physica B: Condensed Matter},
  volume={183},
  number={1},
  pages={1--24},
  year={1993},
  publisher={Elsevier}
}

@article{visscher1991normal,
  title={On the normal modes of free vibration of inhomogeneous and anisotropic elastic objects},
  author={Visscher, William M and Migliori, Albert and Bell, Thomas M and Reinert, Robert A},
  journal={The Journal of the Acoustical Society of America},
  volume={90},
  number={4},
  pages={2154--2162},
  year={1991},
  publisher={Acoustical Society of America}
}

@article{jaglinski2011use,
  title={On the use of hollow tube geometries for resonant ultrasound spectroscopy},
  author={Jaglinski, Tim and Wang, Yun-Che},
  journal={The Journal of the Acoustical Society of America},
  volume={129},
  number={4},
  pages={1890--1898},
  year={2011},
  publisher={Acoustical Society of America}
}

@article{heyliger1993elastic,
  title={Elastic constants of isotropic cylinders using resonant ultrasound},
  author={Heyliger, Paul and Jilani, Adel and Ledbetter, Hassel and Leisure, Robert G and Wang, Ching-Ling},
  journal={The Journal of the Acoustical Society of America},
  volume={94},
  number={3},
  pages={1482--1487},
  year={1993},
  publisher={Acoustical Society of America}
}

@article{lamb1881vibrations,
  title={On the vibrations of an elastic sphere},
  author={Lamb, Horace},
  journal={Proceedings of the London Mathematical Society},
  volume={1},
  number={1},
  pages={189--212},
  year={1881},
  publisher={Oxford University Press}
}

@article{mahan2002oscillations,
  title={Oscillations of a thin hollow cylinder: carbon nanotubes},
  author={Mahan, GD},
  journal={Physical Review B},
  volume={65},
  number={23},
  pages={235402},
  year={2002},
  publisher={APS}
}

@article{maynard2008resonant,
  title={Resonant ultrasound spectroscopy},
  author={Maynard, Julian},
  journal={Physics Today},
  volume={49},
  number={1},
  pages={26--31},
  year={2008},
  publisher={American Institute of Physics}
}

@article{maynard1992use,
  title={The use of piezoelectric film and ultrasound resonance to determine the complete elastic tensor in one measurement},
  author={Maynard, Julian D},
  journal={The Journal of the Acoustical Society of America},
  volume={91},
  number={3},
  pages={1754--1762},
  year={1992},
  publisher={Acoustical Society of America}
}

@article{yoneda1990pressure,
  title={Pressure derivatives of elastic constants of single crystal MgO and MgAl2O4.},
  author={Yoneda, Akira},
  journal={Journal of Physics of the Earth},
  volume={38},
  number={1},
  pages={19--55},
  year={1990}
}

@article{breit1936capture,
  title={Capture of slow neutrons},
  author={Breit, Gregory and Wigner, Eugene},
  journal={Physical review},
  volume={49},
  number={7},
  pages={519},
  year={1936},
  publisher={APS}
}

@book{hughes2012finite,
  title={The finite element method: linear static and dynamic finite element analysis},
  author={Hughes, Thomas JR},
  year={2012},
  pages={582},
  publisher={Courier Corporation}
}

@book{was2007fundamentals,
  title={Fundamentals of radiation materials science: metals and alloys},
  author={Was, Gary S},
  year={2007},
  publisher={Springer Science \& Business Media}
}

@techreport{olander1976fundamental,
  title={Fundamental aspects of nuclear reactor fuel elements},
  author={Olander, Donald R},
  year={1976},
  institution={California Univ., Berkeley (USA). Dept. of Nuclear Engineering}
}

@article{dienes1953radiation,
  title={Radiation effects in solids},
  author={Dienes, George Julian},
  journal={Annual Review of Nuclear Science},
  volume={2},
  number={1},
  pages={187--220},
  year={1953},
  publisher={Annual Reviews 4139 El Camino Way, PO Box 10139, Palo Alto, CA 94303-0139, USA}
}

@article{dieckamp1956effect,
  title={Effect of Electron Irradiation on Young's Modulus},
  author={Dieckamp, H and Sosin, A},
  journal={Journal of Applied Physics},
  volume={27},
  number={12},
  pages={1416--1418},
  year={1956},
  publisher={AIP Publishing}
}

@article{ozkan1976effect,
  title={Effect of nuclear radiation on the elastic moduli of zircon},
  author={{\"O}zkan, H{\"u}sn{\"u}},
  journal={Journal of Applied Physics},
  volume={47},
  number={11},
  pages={4772--4779},
  year={1976},
  publisher={AIP Publishing}
}

@article{goggin1967elastic,
  title={The elastic constants of reactor graphites},
  author={Goggin, PR and Reynolds, WN},
  journal={Philosophical Magazine},
  volume={16},
  number={140},
  pages={317--330},
  year={1967},
  publisher={Taylor \& Francis}
}

@article{glasstone1982nuclear,
  title={Nuclear reactor engineering},
  author={Glasstone, Samuel and Sesonske, Alexander},
  journal={Nucl. Sci. Eng.;(United States)},
  volume={81},
  number={3},
  year={1982},
  publisher={Van Nostrand Reinhold Company, New York}
}

@article{tucker1970radiation,
  title={Radiation hardening in niobium-dependence of the yield stress on neutron dose},
  author={Tucker, RP and Wechsler, MS},
  journal={Radiation Effects},
  volume={3},
  number={1},
  pages={73--87},
  year={1970},
  publisher={Taylor \& Francis}
}

@article{singh1997radiation,
  title={Radiation hardening revisited: role of intracascade clustering},
  author={Singh, BN and Foreman, AJE and Trinkaus, H},
  journal={Journal of nuclear materials},
  volume={249},
  number={2},
  pages={103--115},
  year={1997},
  publisher={Elsevier}
}

@article{byun2004irradiation,
  title={Irradiation hardening behavior of polycrystalline metals after low temperature irradiation},
  author={Byun, TS and Farrell, K},
  journal={Journal of nuclear materials},
  volume={326},
  number={2},
  pages={86--96},
  year={2004},
  publisher={Elsevier}
}

@article{murty1983friction,
  title={Friction and source hardening in irradiated mild steel},
  author={Murty, K Linga and Oh, Dirk J},
  journal={Scripta metallurgica},
  volume={17},
  number={3},
  pages={317--320},
  year={1983},
  publisher={Elsevier}
}

@article{makin1961dislocation,
  title={Dislocation loops and hardening in neutron irradiated copper},
  author={Makin, MJ and Whapham, AD and Minter, FJ},
  journal={Philosophical Magazine},
  volume={6},
  number={63},
  pages={465--468},
  year={1961},
  publisher={Taylor \& Francis}
}

@article{kelly1981physics,
  title={Physics of graphite},
  author={Kelly, Brian Thomas},
  year={1981}
}

@article{ishii2002development,
  title={Development of a non-destructive testing technique using ultrasonic wave for evaluation of irradiation embrittlement in nuclear materials},
  author={Ishii, T and Ooka, N and Hoshiya, T and Kobayashi, H and Saito, J and Niimi, M and Tsuji, H},
  journal={Journal of nuclear materials},
  volume={307},
  pages={240--244},
  year={2002},
  publisher={Elsevier}
}

@article{scofield1994frequency,
  title={Frequency-domain description of a lock-in amplifier},
  author={Scofield, John H},
  journal={American Journal of Physics},
  volume={62},
  number={2},
  pages={129--132},
  year={1994},
  publisher={[Woodbury, NY, etc. Published for the American Association of Physics Teachers by the American Institute of Physics]}
}

@article{wolfson1991lock,
  title={The lock-in amplifier: A student experiment},
  author={Wolfson, Richard},
  journal={Am. J. Phys},
  volume={59},
  number={6},
  pages={569--572},
  year={1991}
}

@article{krautkramer1986ultrasonic,
  title={Ultrasonic testing of materials. 5. rev},
  author={Krautkr{\"a}mer, Josef and Krautkr{\"a}mer, Herbert},
  year={1986}
}

@MastersThesis{annemarie,
  title ={An Investigative Approach to Explore optimum assembly Process Design for Annular Targets Carrying LEU Foil},
  author={Annemarie Hoyer},
  school={University of Missorui-Columbia},
  year={2013}
}

@PhdThesis{shri,
  title={Thermal Mechanical Analysis of Applications with Internal Heat Generation},
  author={Srisharan G. Govindarajan},
  school={University of Missouri-Columbia},
  year={2014}
}

@MastersThesis{philip,
  title={Thermal,Mechanical,Hydraulic Experimental Tools for Molybdenum-99 Production Target Analysis},
  author={Philip Franklin Makarewicz},
  school={University of Missouri-Columbia},
  year={2013}
}

@article{hoppe1871vibrationen,
  title={Vibrationen eines Ringes in seiner Ebene.},
  author={Hoppe, R},
  journal={Journal f{\"u}r die reine und angewandte Mathematik},
  volume={73},
  pages={158--170},
  year={1871}
}

@article{rayleigh1888free,
  title={On the free vibrations of an infinite plate of homogeneous isotropic elastic matter},
  author={Rayleigh, Lord},
  journal={Proceedings of the London Mathematical Society},
  volume={1},
  number={1},
  pages={225--237},
  year={1888},
  publisher={Oxford University Press}
}

@article{wang2003resonant,
  title={Resonant ultrasound spectroscopy in shear mode},
  author={Wang, Yun-Che and Lakes, Roderic S},
  journal={Review of scientific instruments},
  volume={74},
  number={3},
  pages={1371--1373},
  year={2003},
  publisher={AIP Publishing}
}

@book{love2013treatise,
  title={A treatise on the mathematical theory of elasticity},
  author={Love, Augustus Edward Hough},
  year={2013},
  publisher={Cambridge University Press}
}

@article{pochhammer1876ueber,
  title={Ueber die Fortpflanzungsgeschwindigkeiten kleiner Schwingungen in einem unbegrenzten isotropen Kreiscylinder.},
  author={Pochhammer, Lt},
  journal={Journal f{\"u}r die reine und angewandte Mathematik},
  volume={81},
  pages={324--336},
  year={1876}
}

@article{gazis1958exact,
  title={Exact Analysis of the Plane-Strain Vibrations of Thick-Walled Hollow Cylinders},
  author={Gazis, Denos C},
  journal={The Journal of the Acoustical Society of America},
  volume={30},
  number={8},
  pages={786--794},
  year={1958},
  publisher={Acoustical Society of America}
}

@misc{litwiller2000resonant,
  title={Resonant Ultrasound Spectroscopy and the Elastic Properties of Several Selected Materials},
  author={Litwiller, RG},
  year={2000},
  publisher={Iowa State University}
}

@article{liu2012measuring,
  title={Measuring elastic constants of arbitrarily shaped samples using resonant ultrasound spectroscopy},
  author={Liu, Guoxing and Maynard, JD},
  journal={The Journal of the Acoustical Society of America},
  volume={131},
  number={3},
  pages={2068--2078},
  year={2012},
  publisher={Acoustical Society of America}
}

@article{migliori1996resonant,
  title={Resonant ultrasound spectroscopy for materials studies and non-destructive testing},
  author={Migliori, Albert and Darling, Timothy W},
  journal={Ultrasonics},
  volume={34},
  number={2},
  pages={473--476},
  year={1996},
  publisher={Elsevier}
}

@book{hallion1983designers,
  title={Designers and test pilots},
  author={Hallion, Richard},
  year={1983},
  publisher={Time Life Education}
}

@article{fraser1964novel,
  title={Novel method of measuring elastic and anelastic properties of solids},
  author={Fraser, DB and LeCraw, RC},
  journal={Review of Scientific Instruments},
  volume={35},
  number={9},
  pages={1113--1115},
  year={1964},
  publisher={AIP Publishing}
}

@article{anderson1970elastic,
  title={Elastic properties of a micro-breccia, igneous rock and lunar fines from Apollo 11 mission},
  author={Anderson, Orson L and Scholz, Christopher and Soga, Naohiro and Warren, Nicholas and Schreiber, E},
  journal={Geochimica et Cosmochimica Acta Supplement},
  volume={1},
  pages={1959},
  year={1970}
}

@article{plesek2004using,
  title={Using finite element method for the determination of elastic moduli by resonant ultrasound spectroscopy},
  author={Plesek, Jiri and Kolman, Radek and Landa, Michal},
  journal={The Journal of the Acoustical Society of America},
  volume={116},
  number={1},
  pages={282--287},
  year={2004},
  publisher={Acoustical Society of America}
}

@article{gazis1959three,
  title={Three-Dimensional Investigation of the Propagation of Waves in Hollow Circular Cylinders. I. Analytical Foundation},
  author={Gazis, Denos C},
  journal={The journal of the Acoustical Society of America},
  volume={31},
  number={5},
  pages={568--573},
  year={1959},
  publisher={Acoustical Society of America}
}

@book{preumont2013twelve,
  title={Twelve lectures on structural dynamics},
  author={Preumont, Andr{\'e}},
  year={2013},
  publisher={Springer}
}

@PhdThesis{zadler,
           title = "{Properties of elastic materials using contacting and non-contacting acoustic spectrocopy}",
          author = "Brian Zadlert",
          school = "Colorado School of Mines",
          year = "2005",
}

@book{krautkramer2013ultrasonic,
  title={Ultrasonic testing of materials},
  author={Krautkr{\"a}mer, Josef and Krautkr{\"a}mer, Herbert},
  year={2013},
  publisher={Springer Science \& Business Media}
}

@article{zadler2004resonant,
  title={Resonant ultrasound spectroscopy: theory and application},
  author={Zadler, Brian J and Le Rousseau, J{\'e}r{\^o}me HL and Scales, John A and Smith, Martin L},
  journal={Geophysical Journal International},
  volume={156},
  number={1},
  pages={154--169},
  year={2004},
  publisher={Oxford University Press}
}

@book{bergman2011fundamentals,
  title={Fundamentals of heat and mass transfer},
  author={Bergman, Theodore L and Incropera, Frank P and Lavine, Adrienne S},
  year={2011},
  publisher={John Wiley \& Sons}
}

@article{song1988relative,
  title={Relative contact pressure-Dependence on surface roughness and Vickers microhardness},
  author={Song, S and Yovanovich, M},
  journal={Journal of thermophysics and heat transfer},
  volume={2},
  number={1},
  pages={43--47},
  year={1988}
}

@article{yo6novich1982surface,
  title={Surface hardness distribution effects upon contact, gap and joint conductances},
  author={Yovanovich, M and Hegazy, H. A. and Devall, J.},
  year={1982}
}

@misc{alu_el,
  title = {{Aerospace Metal Distribution} Al 6061-T6},
  howpublished = {\url{http://asm.matweb.com/search/SpecificMaterial.asp?bassnum=MA6061t6}},
  note = {Accessed: 2015-07-14}
}

@misc{q_value_1,
    title = {{Colorado School of mines,} Department of Physics},
    howpublished = {\url{http://physics.mines.edu/about/downloads/software/mpl/main.pdf}},
    note = {Accessed: 2014-03-13}
}

@book{anderson1995equations,
  title={Equations of state of solids for geophysics and ceramic science},
  author={Anderson, Orson L},
  year={1995},
  publisher={Oxford University Press}
}

@book{madhusudana1996thermal,
  title={Thermal contact conductance},
  author={Madhusudana, Chakravarti V and Madhusudana, CV},
  year={1996},
  publisher={Springer}
}