@article{jaglinski2011resonant,
  title={Resonant ultrasound spectroscopy of cylinders over the full range of Poisson's ratio},
  author={Jaglinski, Tim and Lakes, Roderic S},
  journal={Review of Scientific Instruments},
  volume={82},
  number={3},
  pages={035105},
  year={2011},
  publisher={AIP Publishing}
}

@article{jaglinski2011use,
  title={On the use of hollow tube geometries for resonant ultrasound spectroscopy},
  author={Jaglinski, Tim and Wang, Yun-Che},
  journal={The Journal of the Acoustical Society of America},
  volume={129},
  number={4},
  pages={1890--1898},
  year={2011},
  publisher={Acoustical Society of America}
}


